@MISC{AdoptGitStrategy,
    author = {{Microsoft Documentation}},
    title = {{Adopt a Git branching strategy}},
    note = {\url{https://learn.microsoft.com/en-us/azure/devops/repos/git/git-branching-guidance?view=azure-devops}},
    year = {2022}
}

@MISC{MainlineDevelopment,
    author = {{GitVersion Docs}},
    title = {{Mainline Development}},
    note = {\url{https://gitversion.net/docs/reference/modes/mainline}},
    year = {2023}
}

@MISC{SemanticVersioning,
    author = {{Semantic Versioning Docs}},
    title = {{Semantic Versioning 2.0.0}},
    note = {\url{https://semver.org/}},
    year = {2023}
}

@MISC{AzurePipelinesTriggers,
    author = {{Microsoft Documentation}},
    title = {{Build Azure Repos Git or TFS Git repositories}},
    note = {\url{https://learn.microsoft.com/en-us/azure/devops/pipelines/repos/azure-repos-git}},
    year = {2023}
}

@MISC{GitLabFlow,
    author = {{GitLab Docs}},
    title = {{Introduction to GitLab Flow}},
    note = {\url {https://docs.gitlab.com/ee/topics/gitlab_flow.html}},
    year = {2023}
}

@MISC{CherryPick,
    author = {{Atlasian Docs}},
    title = {{Git Cherry Pick}},
    note = {\url {https://www.atlassian.com/git/tutorials/cherry-pick}},
    year = {2023}
}
