@article{bayour2017truly,
    title = {A truly conformable calculus on time scales},
    author = {Bayour, Benaoumeur and Hammoudi, Ahmed and Torres, Delfim FM},
    journal = {arXiv preprint arXiv:1705.08928},
    note = {\url {https://arxiv.org/abs/1705.08928}},
    year = {2017}
}

@article{benkhettou2016conformable,
    title = {A conformable fractional calculus on arbitrary time scales},
    author = {Benkhettou, Nadia and Hassani, Salima and Torres, Delfim FM},
    journal = {Journal of King Saud University-Science},
    volume = {28},
    number = {1},
    pages = {93--98},
    year = {2016},
    publisher = {Elsevier}
}

@article{caputo2009time,
    title = {Time scales: from nabla calculus to delta calculus and vice versa via duality},
    author = {Caputo, M Cristina},
    journal = {arXiv preprint arXiv:0910.0085},
    year = {2009}
}

@article{martins2009calculus,
    title = {Calculus of variations on time scales with nabla derivatives},
    author = {Martins, Nat {\'a} lia and Torres, Delfim FM},
    journal = {Nonlinear Analysis: Theory, Methods \& Applications},
    volume = {71},
    number = {12},
    pages = {e763--e773},
    year = {2009},
    publisher = {Elsevier}
}

@MISC{GithubSource_2022,
    author = {Petro Kolosov},
    title = {{"Github Template" Source files}},
    howpublished = {Available electronically at \url {https://github.com/kolosovpetro/github-latex-template}},
    year = {2022}
}

@MISC{AdoptGitStrategy,
    author = {Microsoft documentation},
    title = {{Adopt a Git branching strategy}},
    howpublished = {Available electronically at \url {https://learn.microsoft.com/en-us/azure/devops/repos/git/git-branching-guidance?view=azure-devops}},
    year = {2022}
}

@MISC{MainlineDevelopment,
    author = {GitVersion docs},
    title = {{Mainline Development}},
    howpublished = {Available electronically at \url {https://gitversion.net/docs/reference/modes/mainline}},
    year = {2023}
}

@MISC{SemanticVersioning,
    author = {Semantic Versioning docs},
    title = {{Semantic Versioning 2.0.0}},
    howpublished = {Available electronically at \url {https://semver.org/}},
    year = {2023}
}

@MISC{AzurePipelinesTriggers,
    author = {Microsoft documentation},
    title = {{Build Azure Repos Git or TFS Git repositories}},
    howpublished = {Available electronically at \url {https://learn.microsoft.com/en-us/azure/devops/pipelines/repos/azure-repos-git?view=azure-devops&tabs=yaml}},
    year = {2023}
}

@MISC{GitLabFlow,
    author = {GitLab docs},
    title = {{Introduction to GitLab Flow}},
    howpublished = {Available electronically at \url {https://docs.gitlab.com/ee/topics/gitlab_flow.html}},
    year = {2023}
}

@MISC{CherryPick,
    author = {Atlasian docs},
    title = {{Git Cherry Pick}},
    howpublished = {Available electronically at \url {https://www.atlassian.com/git/tutorials/cherry-pick}},
    year = {2023}
}

@MISC{Sloane_theencyclopedia,
    author = {N. J. A. Sloane},
    title = {The On-Line Encyclopedia of Integer Sequences},
    howpublished = {published electronically at \url {https://oeis.org}},
    year = {1964}
}